<?xml version="1.0" encoding="UTF-8"?><collection xmlns="http://www.loc.gov/MARC21/slim"><record><leader>00707nam--2200181-i-4500</leader><controlfield tag="001">000002701</controlfield><controlfield tag="002">20161230</controlfield><controlfield tag="005">20161230201025</controlfield><controlfield tag="008">060222s1000------------r-----000-0-ger-d</controlfield><datafield ind1=" " ind2=" " tag="040"><subfield code="a">IFIN-HH</subfield></datafield><datafield ind1=" " ind2=" " tag="041"><subfield code="a">ger</subfield></datafield><datafield ind1="1" ind2=" " tag="100"><subfield code="a">Burri, Conrad</subfield></datafield><datafield ind1="1" ind2="0" tag="245"><subfield code="a">Das polarisationsmikroskop</subfield><subfield code="b">Eine einfuhrung in die mikroskopische untersuchungsmethodik durchsichtiger kristalliner stoffe fur mineralogen, petrographen, chemiker und naturwissenschafter im allegemeinen</subfield><subfield code="c">C. Burri</subfield></datafield><datafield ind1=" " ind2=" " tag="260"><subfield code="a">Basel</subfield><subfield code="b">Birkhauser</subfield><subfield code="c">1950</subfield></datafield><datafield ind1=" " ind2=" " tag="300"><subfield code="a">308 P. + TAB</subfield></datafield><datafield ind1=" " ind2=" " tag="490"><subfield code="a">Lehrbucher und monographien aus dem gebiete der exakten wissenschaften</subfield><subfield code="v">vol. 25. Chemische reihe. Band V</subfield></datafield><datafield ind1=" " ind2=" " tag="852"><subfield code="a">10178</subfield><subfield code="c">535</subfield></datafield><datafield ind1=" " ind2=" " tag="CAT"><subfield code="a">Sys</subfield><subfield code="c">20101018</subfield><subfield code="h">112848</subfield></datafield></record></collection>